@article{nicholls1997australian,
  title={Australian rainfall variability and change},
  author={Nicholls, Neville and Drosdowsky, Wasyl and Lavery, Beth},
  journal={Weather},
  volume={52},
  number={3},
  pages={66--72},
  year={1997},
  publisher={Wiley Online Library}
}

@article{hoijtink2019tutorial,
  title={A tutorial on testing hypotheses using the Bayes factor.},
  author={Hoijtink, Herbert and Mulder, Joris and van Lissa, Caspar and Gu, Xin},
  journal={Psychological methods},
  volume={24},
  number={5},
  pages={539},
  year={2019},
  publisher={American Psychological Association}
}

@article{vanbuuren2011mice,
    title = {{mice}: Multivariate Imputation by Chained Equations in
      R},
    author = {Stef {van Buuren} and Karin Groothuis-Oudshoorn},
    journal = {Journal of Statistical Software},
    year = {2011},
    volume = {45},
    number = {3},
    pages = {1-67},
    doi = {10.18637/jss.v045.i03},
  }